<record><leader>00000cas a2200000 a 4500</leader><controlfield tag="001">17401166</controlfield><controlfield tag="008">880127d19581989wauwr ne      0    0eng d</controlfield><datafield ind1=" " ind2=" " tag="010"><subfield code="a">sn 88085458 </subfield></datafield><datafield ind1=" " ind2=" " tag="040"><subfield code="a">SLZ</subfield><subfield code="b">eng</subfield><subfield code="c">SLZ</subfield><subfield code="d">WAU</subfield><subfield code="d">OCL</subfield><subfield code="d">OCLCQ</subfield><subfield code="d">OCLCF</subfield><subfield code="d">OCLCO</subfield></datafield><datafield ind1="1" ind2=" " tag="029"><subfield code="a">AU@</subfield><subfield code="b">000025818340</subfield></datafield><datafield ind1=" " ind2=" " tag="042"><subfield code="a">msc</subfield></datafield><datafield ind1=" " ind2=" " tag="043"><subfield code="a">n-us-wa</subfield></datafield><datafield ind1="0" ind2=" " tag="130"><subfield code="a">Colfax gazette (Colfax, Wash. : 1958)</subfield></datafield><datafield ind1="1" ind2="0" tag="245"><subfield code="a">Colfax gazette.</subfield></datafield><datafield ind1=" " ind2=" " tag="260"><subfield code="a">Colfax, Wash. :</subfield><subfield code="b">Palouse Empire Publishers</subfield></datafield><datafield ind1=" " ind2=" " tag="300"><subfield code="a">v.</subfield></datafield><datafield ind1=" " ind2=" " tag="310"><subfield code="a">Weekly</subfield></datafield><datafield ind1="0" ind2=" " tag="362"><subfield code="a">Vol. 81, no. 27 (July 3, 1958)-v. 112, no. 45 (Nov. 9, 1989).</subfield></datafield><datafield ind1=" " ind2="0" tag="651"><subfield code="a">Colfax (Wash.)</subfield><subfield code="v">Newspapers.</subfield></datafield><datafield ind1=" " ind2="7" tag="655"><subfield code="a">Newspapers.</subfield><subfield code="2">fast</subfield><subfield code="0">(OCoLC)fst01423814</subfield></datafield><datafield ind1=" " ind2="7" tag="651"><subfield code="a">Washington (State)</subfield><subfield code="z">Colfax.</subfield><subfield code="2">fast</subfield><subfield code="0">(OCoLC)fst01232382</subfield></datafield><datafield ind1=" " ind2=" " tag="752"><subfield code="a">United States</subfield><subfield code="b">Washington</subfield><subfield code="c">Whitman</subfield><subfield code="d">Colfax.</subfield></datafield><datafield ind1="0" ind2="0" tag="780"><subfield code="t">Gazette-commoner (Colfax, Wash.)</subfield><subfield code="w">(DLC)sn 88085459</subfield><subfield code="w">(OCoLC)17401186</subfield></datafield><datafield ind1="0" ind2="0" tag="785"><subfield code="t">Whitman County gazette</subfield><subfield code="w">(DLC)sn 92038255</subfield><subfield code="w">(OCoLC)26200048</subfield></datafield></record>